@misc{verhage_2021_mapping,
  author = {Verhage, Rens},
  month = {01},
  title = {Mapping Hostnames with Ports in /etc/hosts | Baeldung on Linux},
  url = {https://www.baeldung.com/linux/mapping-hostnames-ports},
  urldate = {2021-10-26},
  year = {2021},
  organization = {www.baeldung.com}
}

@misc{archwiki_users,
  author = {ArchWiki},
  title = {Users and groups},
  url = {https://wiki.archlinux.org/title/users_and_groups},
  urldate = {2021-10-26},
  organization = {Arch Linux}
}

@misc{amoany_2021_managing,
  author = {Amoany, Evans},
  month = {01},
  title = {Managing Linux users with the passwd command},
  url = {https://www.redhat.com/sysadmin/managing-users-passwd},
  urldate = {2021-10-26},
  year = {2021},
  organization = {Enable Sysadmin}
}

@misc{archwiki_system,
  author = {ArchWiki},
  title = {System time - ArchWiki},
  url = {https://wiki.archlinux.org/title/System_time#Time_synchronization},
  urldate = {2021-10-28},
  organization = {wiki.archlinux.org}
}

@misc{what,
  title = {What is the Domain Name System (DNS)?},
  url = {https://www.thousandeyes.com/learning/techtorials/dns-domain-name-system},
  urldate = {2021-10-28},
  organization = {ThousandEyes}
}

@misc{buxton_2020_all,
  author = {Buxton, Chris},
  month = {01},
  title = {All About BIND DNS: Who, How, and Why},
  url = {https://acloudguru.com/blog/engineering/all-about-bind-dns-who-how-why},
  urldate = {2021-10-28},
  year = {2020},
  organization = {A Cloud Guru}
}

@misc{archwiki_bind,
  author = {ArchWiki},
  title = {BIND - ArchWiki},
  url = {https://wiki.archlinux.org/title/BIND},
  organization = {wiki.archlinux.org}
}

@misc{iptables,
  title = {iptables - ArchWiki},
  url = {https://wiki.archlinux.org/title/Iptables},
  urldate = {2021-11-01},
  organization = {wiki.archlinux.org}
}
https://www.youtube.com/watch?v=NnZEQ-aaGMM
@online{youtube,
        title = {Oracle 19c RAC installation on Linux step by step complete guide},
        date = {2021},
        organization = {Youtube},
        author = {Oracle DBA Online Training},
        url = {https://www.youtube.com/watch?v=NnZEQ-aaGMM},
    }
